2959 4096
1172 477 1342 549 (9)

374 583 568 623 eorum
595 566 752 621 lanas
791 568 1018 621 tiaEtant
1047 607 1063 632 ,
1112 568 1332 641 adipem
1357 571 1596 631 fundunt
1627 574 1695 632 ad
1724 576 1972 635 candelas
2001 600 2199 653 paran-

374 658 519 713 das·
508 699 522 724 ,
559 658 682 712 hinc
734 657 977 713 laniones
1008 698 1032 724 ,
1070 660 1286 715 coriarii
1315 703 1331 729 ‚
1384 665 1735 724 candelarum
1779 658 2006 742 opifices
2059 675 2205 734 huic.

372 748 570 803 morbo
599 744 795 820 saepius
826 749 948 803 sunt
978 749 1220 804 obnoxii.

452 839 658 892 Utrum
682 852 975 911 generetur
1002 841 1228 896 anthrax
1255 862 1355 915 per
1382 849 1817 919 congestionem,
1848 867 1941 907 aut
1967 854 2194 912 defluxu

373 929 548 986 facto?
570 921 770 984 Nostro
796 931 983 985 saltem
1006 932 1211 1002 judicio
1233 974 1249 999 ‚
1270 935 1517 993 dubitare
1545 940 1692 996 licet.
1717 943 1979 1001 Attamen
2003 948 2195 1003 luben-

373 1021 484 1075 tius
525 1012 874 1082 crederemus
918 1061 936 1086 ,
982 1021 1132 1092 quod
1168 1040 1422 1098 erumpat
1461 1027 1687 1086 defluxu
1733 1033 1872 1089 facto
1904 1077 1920 1102 ‚
1962 1053 2196 1110 propter

368 1111 634 1166 saevitiem
674 1111 1111 1187 sympmmatum
1157 1154 1174 1180 ‚
1216 1116 1345 1169 mali
1389 1121 1702 1191 progressus
1751 1125 1809 1177 &
1859 1129 2192 1228 periculum.

366 1203 584 1265 Verum
612 1200 736 1258 fieri
785 1201 960 1259 adhuc
999 1207 1177 1276 potest
1226 1220 1288 1260 ut
1339 1221 1529 1264 tumor
1566 1215 1830 1284 paulatim
1870 1218 1925 1272 in
1954 1239 2193 1294 corpore

372 1307 711 1367 generetur,
754 1292 812 1346 ὅ(
850 1313 1076 1365 pravam
1109 1308 1358 1350 naturam
1390 1298 1541 1371 lapsu
1591 1307 1860 1376 temporis
1912 1310 2147 1368 induens
2176 1353 2202 1380 ‚

372 1385 551 1440 subito
600 1385 664 1438 ab
706 1384 1059 1438 interioribus
1088 1385 1156 1439 ad
1197 1389 1469 1443 exteriora
1517 1391 1623 1444 ὃ(
1605 1414 1633 1445 3
1669 1399 1929 1454 membris
1961 1404 2193 1460 nobilio-

368 1475 523 1530 ribus
556 1475 623 1529 ad
657 1455 980 1546 ignobiliora
1008 1476 1353 1546 propellatur
1382 1481 1411 1532 a
1455 1486 1647 1544 natura
1671 1524 1690 1551 ,
1735 1489 1830 1542 ubi
1870 1492 2191 1564 supremum

370 1567 606 1639 gradum
633 1566 919 1637 pravitatis
955 1564 1014 1618 δί
1061 1566 1412 1638 malignitatis
1461 1573 1692 1647 adeptus
1736 1582 1825 1634 est.
1851 1582 1958 1638 Sed
1988 1585 2055 1641 de
2082 1588 2189 1646 hoc

367 1656 518 1712 mere
538 1652 896 1729 ‘conjecturali
923 1655 1128 1709 nullam
1143 1658 1558 1730 certitudinem
1592 1685 1695 1724 nos
1726 1670 1924 1730 habere
1951 1660 2188 1735 libenter

369 1745 773 1805 confitebimur.

757 1920 907 2027 ‘De
951 1881 1300 2010 praefhgiis
1360 1925 1741 2004 Antlzracis.
1793 2012 1800 2016 N

456 2093 617 2163 Quo
667 2091 875 2164 nigrior
919 2093 994 2146 est
1050 2093 1276 2149 anthrax
1319 2136 1338 2162 ‚
1384 2096 1451 2153 eb
1505 2104 1708 2172 pejor3
1749 2104 1876 2162 huic
1923 2111 2178 2180 proxime

360 2183 604 2249 succedit
643 2182 843 2237 lividus
885 2180 943 2235 &
984 2183 1277 2239 flavescens
1325 2208 1341 2253 3
1388 2188 1570 2245 minus
1609 2194 1832 2267 maligni
1880 2197 1937 2251 ἃ
1979 2200 2180 2257 formi-

361 2273 525 2327 dandi
548 2274 670 2327 sunt
697 2313 713 2339 ‚
749 2272 843 2344 qui
881 2271 1172 2328 rubicundi
1198 2274 1257 2327 &
1284 2276 1442 2331 valde
1474 2279 1798 2339 inflammati
1827 2307 1841 2352 3
1888 2308 2015 2344 nam
2045 2306 2178 2350 tunc

357 2363 529 2436 magis
560 2382 631 2418 ex
657 2362 848 2416 natura
869 2361 1147 2417 furunculi
1171 2366 1499 2438 participant
1531 2370 1589 2424 &
1619 2373 1686 2426 ad
1721 2375 2174 2448 suppurationem

358 2455 571 2510 facilius
608 2454 841 2509 tendunt
889 2453 1234 2508 laudabilem.
1283 2457 1466 2514 Minus
1515 2465 1805 2532 perniciosi
1846 2469 1967 2526 sunt
2012 2514 2029 2540 ‚
2080 2478 2175 2548 qui

353 2721 383 2748 >³
423 2707 464 2750 in
490 2706 659 2764 rupium
688 2704 866 2751 foveolis
888 2719 1046 2764 aquam
1075 2706 1192 2763 prius
1216 2720 1241 2750 a
1276 2707 1525 2764 perdicibus
1548 2711 1847 2774 degustatam,
1871 2733 1935 2765 tot
1964 2723 2172 2772 anthrace

355 2802 386 2827 2>
426 2784 625 2842 deinceps
654 2784 800 2839 affici·
821 2786 1116 2844 experimenta
1143 2786 1166 2828 ὲ
1200 2783 1395 2830 Βοὲὶοτε
1426 2785 1720 2851 Campagnc‚
1758 2795 1881 2842 Med.
1925 2799 2103 2861 Monsp.
2127 2807 2170 2851 in

353 2879 382 2905 >³
424 2863 519 2907 vico
542 2860 657 2906 dicto
677 2860 1071 2920 Sigeaninsthma,
1084 2860 1250 2906 &Soa
1274 2862 1383 2920 Reg.
1408 2863 1573 2911 Scienc.
1597 2859 1758 2929 relata,
1781 2874 1894 2921 hanc
1918 2881 2168 2937 opinionem

355 2959 384 2985 2>
425 2941 689 2998 paradoxam
712 2972 727 2997 ‚
747 2942 1009 2987 confirmare
1036 2940 1397 2998 videntur71ratio
1418 2946 1519 2990 vero
1545 2948 1659 2995 nulla
1685 2949 1926 3012 suppetit.»
1951 2957 2143 3022 Sauvag.
2158 2997 2174 3022 ,

356 3019 779 3078 Nosslqtotn01·
1116 3031 1120 3033 ’

1819 3109 1862 3164 Β
