2959 4096
1540 454 1566 524 (
1615 474 1633 511 1
1651 474 1676 510 2
1719 456 1746 526 )

740 551 1069 613 eliminanda
1111 546 1336 608 materie
1368 549 1650 606 anthraces
1679 549 1924 603 fovente.
1947 546 2272 602 Necessitate
2300 561 2564 621 urgente3

734 647 985 703 emeticis
1028 644 1086 712 ὅ(
1121 643 1431 699 catharticis
1464 638 1645 695 debite
1691 639 2016 694 evacuandae
2050 639 2173 693 sunt
2208 638 2397 710 primae
2424 641 2556 694 viae.

737 737 1005 793 Diversus
1037 724 1264 790 tandem
1296 730 1593 787 effeffldebet
1618 730 1994 785 remediorum
2023 727 2367 783 internorum
2392 730 2516 783 ufiis
2538 736 2561 796 ,‘

736 842 908 903 prout
936 827 1151 894 varium
1178 827 1250 880 est
1280 822 1459 878 morbi
1484 822 1575 877 cui
1604 821 1918 893 supervenit
1942 820 2168 874 anthrax
2189 820 2449 891 genium:
2468 818 2569 881 Sic.

739 922 881 977 febri
917 919 1162 990 malignae
1197 930 1290 971 aut
1319 915 1451 988 pesti
1476 915 1525 966 ⁴fi
1554 912 1901 985 superveniat
1930 911 2154 965 anthrax
2183 951 2200 976 ‚
2245 924 2375 965 tunc
2412 924 2558 965 tem—

741 1014 895 1087 poris
930 1011 996 1066 ad
1025 1008 1383 1065 medicamina
1413 1006 1519 1060 illis
1553 1005 1760 1060 morbis
1793 1003 2142 1077 appropriata
2165 1002 2561 1057 recurrendum

743 1109 833 1161 est.
860 1101 1075 1160 Verum
1105 1115 1225 1155 ante
1255 1099 1437 1153 omnia
1467 1096 1877 1169 prohibentur
1860 1117 1889 1149 3
1919 1093 2057 1166 Celso
2088 1096 2240 1149 cibus
2266 1092 2565 1160 &Vinum3

746 1214 941 1268 aquam
968 1192 1184 1248 tantum
1221 1188 1517 1244 liberaliter
1546 1186 1877 1259 epotandam
1900 1186 2223 1258 praescribit

821 1283 992 1355 Quod
1026 1282 1094 1336 ad
1132 1280 1368 1335 tumoris
1419 1298 1607 1333 curam
1645 1277 1874 1342 attinet,
1926 1276 2059 1330 nihil
2097 1276 2260 1330 satius
2294 1278 2367 1330 est
2412 1276 2567 1348 juxta

743 1376 1004 1433 eumdem
1030 1372 1259 1445 Celfimz,
1292 1390 1455 1443 quam
1483 1370 1625 1424 hunc
1653 1368 1906 1441 protinus
1939 1368 2185 1422 adurere.
2233 1382 2263 1405 ⁴‘
2283 1369 2481 1439 Neque
2508 1367 2567 1421 id

747 1497 779 1524 ,ο
828 1486 990 1540 grave
1028 1467 1101 1519 est
1126 1505 1143 1530 ‚
1180 1462 1356 1533 inquit
1385 1502 1401 1527 ‚
1443 1480 1568 1514 nam
1597 1479 1709 1524 non
1750 1459 1911 1516 sentit
1938 1498 1955 1524 ‚
2003 1457 2262 1529 quoniam
2312 1458 2401 1512 1113
2437 1478 2564 1530 caro

728 1591 781 1615 ,η
828 1572 1047 1614 mortua
1085 1558 1173 1610 est.
1218 1553 1470 1623 Finisque
1503 1549 1766 1604 adurendi
1809 1551 1882 1604 est
1905 1589 1922 1614 ‚
1969 1548 2101 1602 dum
2130 1568 2198 1602 ex
2232 1549 2382 1611 omni
2409 1563 2567 1620 parte

749 1681 782 1706 π
831 1649 1008 1704 sensus
1031 1645 1236 1700 doloris
1268 1645 1356 1697 est.
1379 1642 1531 1700 Tum
1557 1635 1754 1695 deinde
1776 1639 1977 1692 vulnus
2010 1640 2145 1692 ficut
2164 1652 2361 1693 caeoeffi
2389 1638 2570 1692 adusta

751 1773 784 1797 ω
833 1739 1136 1796 curandum
1173 1738 1261 1790 est.
1295 1765 1324 1788 ‚a
1374 1733 1666 1802 Tanquam
1708 1729 1950 1785 remedia
1994 1726 2246 1801 specifica
2283 1730 2446 1784 habet
2483 1729 2573 1785 illa,

756 1832 959 1904 Celfizs,
1004 1849 1123 1902 quae
1150 1826 1401 1899 protinus
1435 1836 1753 1893 corruptam
1782 1835 1995 1892 partem
2037 1822 2065 1873 *a
2099 1821 2225 1874 viva
2258 1821 2533 1875 resolvunt
2556 1862 2574 1888 ,

754 1947 815 1983 ac
846 1927 902 1978 in
930 1924 1007 1978 eis
1040 1934 1217 1975 totam
1245 1915 1465 1988 reponit
1493 1915 1660 1986 spem.
1682 1913 1800 1978 Sic,
1829 1911 1953 1982 Celfi
1974 1912 2221 1984 opinioni
2250 1911 2570 1979 affentien3‚

755 2012 1163 2072 accelerandam
1208 2008 1351 2062 duco
1395 2005 1639 2060 carnium
1676 2016 2021 2056 mortuarum
2047 2004 2075 2054 ὲ
2104 2003 2245 2056 vivis
2277 2003 2572 2074 separatio-

756 2126 924 2162 nem:
964 2102 1090 2157 huic
1127 2097 1224 2154 fini
1255 2096 1581 2152 conducunt
1612 2093 1963 2165 suppurativa
1989 2133 2006 2158 ‚
2052 2093 2326 2158 caustica,
2361 2092 2578 2147 ferrum

756 2195 1012 2255 candens.
1049 2189 1417 2301 Suppurativa
1452 2188 1553 2239 sint
1589 2184 1653 2238 de
1681 2203 1877 2256 genere
1917 2170 2320 2242 emollientiuin
2347 2224 2370 2250 ‚
2398 2167 2575 2255 qualia

758 2281 1182 2361 cataplasmata
1163 2303 1190 2336 e
1230 2280 1427 2352 plantis
1458 2276 1515 2329 &
1550 2276 1735 2329 farinis
1769 2275 2136 2329 relaxantibus
2169 2316 2186 2341 ‚
2231 2290 2576 2348 unguentum

760 2381 946 2437 matris
971 2420 986 2444 ‚
1031 2375 1379 2447 emplastrum
1414 2367 1850 2438 mucilaginum„
1884 2365 1989 2419 &a
2021 2367 2264 2420 Maximo
2297 2367 2420 2421 dein
2450 2388 2577 2422 cum
2642 2381 2645 2382 ’

763 2467 1004 2527 successu
1035 2465 1358 2520 adhibentur
1388 2458 1763 2530 cataplasmata
1808 2457 2169 2523 maturanda,
2219 2457 2415 2528 quibus
2454 2457 2578 2511 addi

764 2561 986 2638 poffunt
1010 2553 1366 2627 anti-putrida
1389 2593 1404 2617 ,
1427 2550 1601 2623 qualia
1629 2548 1899 2602 scordium
1917 2589 1933 2613 ‚
1953 2548 2140 2619 piper,
2169 2549 2405 2603 theriaca
2426 2590 2441 2615 ‚
2465 2548 2572 2602 ἃς.

767 2654 882 2708 Ubi
927 2664 1111 2705 autem
1142 2643 1262 2700 fieri
1302 2642 1494 2713 incipit
1540 2639 1753 2694 eschara
1782 2679 1797 2704 ‚
1839 2638 2136 2692 inurendus'
2186 2641 2257 2692 est
2300 2639 2576 2693 anthracis

770 2764 911 2817 apex
939 2760 1067 2795 cum
1112 2736 1249 2820 aqua
1289 2732 1422 2787 forti
1451 2773 1466 2796 ‚
1510 2729 1646 2801 aqua
1699 2728 2007 2782 mercuriali
2031 2769 2048 2794 ‚
2092 2729 2353 2783 bulliente
2405 2730 2528 2783 oleo
2559 2768 2577 2794 ‚

768 2833 947 2907 lapide
969 2827 1215 2885 infernali
1238 2824 1324 2879 vel
1343 2823 1446 2877 alio
1469 2820 1716 2880 caustico.
1740 2819 1794 2871 Si
1813 2819 1912 2872 es
1869 2838 2026 2871 cnara
2047 2818 2207 2873 citius
2232 2816 2576 2890 perficiatur,

774 2930 947 2997 major
988 2923 1159 2977 crusta
1204 2915 1385 2973 evadit
1414 2954 1429 2978 ‚
1470 2910 1774 2984 putredinis
1817 2909 2054 2981 fetorisq
2047 2930 2110 2964 16
2155 2911 2333 2964 minus
2391 2930 2576 2982 capax

775 3014 1097 3073 Notandum
1148 3024 1331 3065 tamen
1389 3003 1536 3077 quod
1600 3003 1810 3072 semper
1874 3001 2113 3054 adhiberi
2180 3014 2414 3072 nequeat
2465 3001 2580 3056 haec
